%YAML 1.1
%TAG !u! tag:unity3d.com,2011:
--- !u!1 &1489959223707526
GameObject:
  m_ObjectHideFlags: 0
  m_CorrespondingSourceObject: {fileID: 0}
  m_PrefabInstance: {fileID: 0}
  m_PrefabAsset: {fileID: 0}
  serializedVersion: 6
  m_Component:
  - component: {fileID: 4455941326293456}
  - component: {fileID: 6103912470094617142}
  - component: {fileID: 6952036767204975478}
  - component: {fileID: 4517640797665251237}
  - component: {fileID: 7201849113638050615}
  - component: {fileID: 3280071648115446768}
  - component: {fileID: 4174154260616328270}
  m_Layer: 9
  m_Name: ItemAmmo_P
  m_TagString: Untagged
  m_Icon: {fileID: 0}
  m_NavMeshLayer: 0
  m_StaticEditorFlags: 0
  m_IsActive: 1
--- !u!4 &4455941326293456
Transform:
  m_ObjectHideFlags: 0
  m_CorrespondingSourceObject: {fileID: 0}
  m_PrefabInstance: {fileID: 0}
  m_PrefabAsset: {fileID: 0}
  m_GameObject: {fileID: 1489959223707526}
  m_LocalRotation: {x: -0.7071068, y: 0, z: 0, w: 0.7071068}
  m_LocalPosition: {x: 0, y: 0, z: 0}
  m_LocalScale: {x: 0.7960103, y: 0.7042666, z: 1.2835225}
  m_Children: []
  m_Father: {fileID: 0}
  m_RootOrder: 0
  m_LocalEulerAnglesHint: {x: -90.00001, y: 0, z: 0}
--- !u!114 &6103912470094617142
MonoBehaviour:
  m_ObjectHideFlags: 0
  m_CorrespondingSourceObject: {fileID: 0}
  m_PrefabInstance: {fileID: 0}
  m_PrefabAsset: {fileID: 0}
  m_GameObject: {fileID: 1489959223707526}
  m_Enabled: 1
  m_EditorHideFlags: 0
  m_Script: {fileID: 11500000, guid: fd220866e5024694e83575700288e0f2, type: 3}
  m_Name: 
  m_EditorClassIdentifier: 
  overMind: {fileID: 0}
  icon: {fileID: 21300000, guid: 77e89b29716680d4aaac7c2a7969bc89, type: 3}
  MaxReadyTime: 1
  itemName: 9mm
  i_Weight: 0.03
  totalNum: 20
  maxNum: 20
  id: 0
  HandPosition: {x: 0, y: 0, z: 0}
  HandRotation: {x: 0, y: 0, z: 0}
  drawSpeed: 1
  prepareAnimations: []
  useAnimations: []
  maxHit: 0
  scraps: 1
  modCost: 0
  modedCount: 0
  MaxModCount: 0
  isModed: 0
  modedList: []
  mat: {fileID: 0}
  itemParticles: {fileID: 4512448903944852856, guid: be724d7e5a230f942bd71ecec7cbeab8,
    type: 3}
  ammoType: 2
--- !u!33 &6952036767204975478
MeshFilter:
  m_ObjectHideFlags: 0
  m_CorrespondingSourceObject: {fileID: 0}
  m_PrefabInstance: {fileID: 0}
  m_PrefabAsset: {fileID: 0}
  m_GameObject: {fileID: 1489959223707526}
  m_Mesh: {fileID: 4300000, guid: 02af210bed5178046853693ceaa24d0a, type: 3}
--- !u!23 &4517640797665251237
MeshRenderer:
  m_ObjectHideFlags: 0
  m_CorrespondingSourceObject: {fileID: 0}
  m_PrefabInstance: {fileID: 0}
  m_PrefabAsset: {fileID: 0}
  m_GameObject: {fileID: 1489959223707526}
  m_Enabled: 1
  m_CastShadows: 1
  m_ReceiveShadows: 1
  m_DynamicOccludee: 1
  m_MotionVectors: 1
  m_LightProbeUsage: 1
  m_ReflectionProbeUsage: 1
  m_RenderingLayerMask: 1
  m_RendererPriority: 0
  m_Materials:
  - {fileID: 2100000, guid: 6f17ac687e86b3a44b6405fb4ec9a708, type: 2}
  m_StaticBatchInfo:
    firstSubMesh: 0
    subMeshCount: 0
  m_StaticBatchRoot: {fileID: 0}
  m_ProbeAnchor: {fileID: 0}
  m_LightProbeVolumeOverride: {fileID: 0}
  m_ScaleInLightmap: 1
  m_ReceiveGI: 1
  m_PreserveUVs: 0
  m_IgnoreNormalsForChartDetection: 0
  m_ImportantGI: 0
  m_StitchLightmapSeams: 0
  m_SelectedEditorRenderState: 3
  m_MinimumChartSize: 4
  m_AutoUVMaxDistance: 0.5
  m_AutoUVMaxAngle: 89
  m_LightmapParameters: {fileID: 0}
  m_SortingLayerID: 0
  m_SortingLayer: 0
  m_SortingOrder: 0
--- !u!54 &7201849113638050615
Rigidbody:
  m_ObjectHideFlags: 0
  m_CorrespondingSourceObject: {fileID: 0}
  m_PrefabInstance: {fileID: 0}
  m_PrefabAsset: {fileID: 0}
  m_GameObject: {fileID: 1489959223707526}
  serializedVersion: 2
  m_Mass: 0.03
  m_Drag: 0
  m_AngularDrag: 0.05
  m_UseGravity: 0
  m_IsKinematic: 0
  m_Interpolate: 0
  m_Constraints: 0
  m_CollisionDetection: 2
--- !u!65 &3280071648115446768
BoxCollider:
  m_ObjectHideFlags: 0
  m_CorrespondingSourceObject: {fileID: 0}
  m_PrefabInstance: {fileID: 0}
  m_PrefabAsset: {fileID: 0}
  m_GameObject: {fileID: 1489959223707526}
  m_Material: {fileID: 0}
  m_IsTrigger: 0
  m_Enabled: 0
  serializedVersion: 2
  m_Size: {x: 0.12875542, y: 0.060801182, z: 0.04202435}
  m_Center: {x: 0, y: 0, z: 0.021012176}
--- !u!135 &4174154260616328270
SphereCollider:
  m_ObjectHideFlags: 0
  m_CorrespondingSourceObject: {fileID: 0}
  m_PrefabInstance: {fileID: 0}
  m_PrefabAsset: {fileID: 0}
  m_GameObject: {fileID: 1489959223707526}
  m_Material: {fileID: 0}
  m_IsTrigger: 0
  m_Enabled: 1
  serializedVersion: 2
  m_Radius: 0.1
  m_Center: {x: 0, y: 0, z: 0.021012176}
