%YAML 1.1
%TAG !u! tag:unity3d.com,2011:
--- !u!1 &682498471884367267
GameObject:
  m_ObjectHideFlags: 0
  m_CorrespondingSourceObject: {fileID: 0}
  m_PrefabInstance: {fileID: 0}
  m_PrefabAsset: {fileID: 0}
  serializedVersion: 6
  m_Component:
  - component: {fileID: 4549727878656087984}
  - component: {fileID: 4789833124935888262}
  - component: {fileID: 1244241108749783423}
  - component: {fileID: 682498471884367277}
  - component: {fileID: 6915451760617879895}
  - component: {fileID: -8187967300575780662}
  - component: {fileID: -8323282731352139981}
  - component: {fileID: 3455841915598129936}
  m_Layer: 9
  m_Name: ItemCompass
  m_TagString: Untagged
  m_Icon: {fileID: 0}
  m_NavMeshLayer: 0
  m_StaticEditorFlags: 0
  m_IsActive: 1
--- !u!4 &4549727878656087984
Transform:
  m_ObjectHideFlags: 0
  m_CorrespondingSourceObject: {fileID: 0}
  m_PrefabInstance: {fileID: 0}
  m_PrefabAsset: {fileID: 0}
  m_GameObject: {fileID: 682498471884367267}
  m_LocalRotation: {x: -0.7071068, y: -0, z: -0, w: 0.7071068}
  m_LocalPosition: {x: 0, y: 0, z: 0}
  m_LocalScale: {x: 1, y: 1, z: 1}
  m_Children:
  - {fileID: 1551834709181273321}
  m_Father: {fileID: 0}
  m_RootOrder: 0
  m_LocalEulerAnglesHint: {x: 0, y: 0, z: 0}
--- !u!33 &4789833124935888262
MeshFilter:
  m_ObjectHideFlags: 0
  m_CorrespondingSourceObject: {fileID: 0}
  m_PrefabInstance: {fileID: 0}
  m_PrefabAsset: {fileID: 0}
  m_GameObject: {fileID: 682498471884367267}
  m_Mesh: {fileID: -2272920721806933609, guid: 42c018492887b5544ac1f1ef354348ad, type: 3}
--- !u!23 &1244241108749783423
MeshRenderer:
  m_ObjectHideFlags: 0
  m_CorrespondingSourceObject: {fileID: 0}
  m_PrefabInstance: {fileID: 0}
  m_PrefabAsset: {fileID: 0}
  m_GameObject: {fileID: 682498471884367267}
  m_Enabled: 1
  m_CastShadows: 1
  m_ReceiveShadows: 1
  m_DynamicOccludee: 1
  m_MotionVectors: 1
  m_LightProbeUsage: 1
  m_ReflectionProbeUsage: 1
  m_RenderingLayerMask: 1
  m_RendererPriority: 0
  m_Materials:
  - {fileID: 2100000, guid: 2be764b76a6d23545949ac0a126a2ff9, type: 2}
  m_StaticBatchInfo:
    firstSubMesh: 0
    subMeshCount: 0
  m_StaticBatchRoot: {fileID: 0}
  m_ProbeAnchor: {fileID: 0}
  m_LightProbeVolumeOverride: {fileID: 0}
  m_ScaleInLightmap: 1
  m_ReceiveGI: 1
  m_PreserveUVs: 0
  m_IgnoreNormalsForChartDetection: 0
  m_ImportantGI: 0
  m_StitchLightmapSeams: 1
  m_SelectedEditorRenderState: 3
  m_MinimumChartSize: 4
  m_AutoUVMaxDistance: 0.5
  m_AutoUVMaxAngle: 89
  m_LightmapParameters: {fileID: 0}
  m_SortingLayerID: 0
  m_SortingLayer: 0
  m_SortingOrder: 0
--- !u!54 &682498471884367277
Rigidbody:
  m_ObjectHideFlags: 0
  m_CorrespondingSourceObject: {fileID: 0}
  m_PrefabInstance: {fileID: 0}
  m_PrefabAsset: {fileID: 0}
  m_GameObject: {fileID: 682498471884367267}
  serializedVersion: 2
  m_Mass: 1
  m_Drag: 0
  m_AngularDrag: 0.05
  m_UseGravity: 0
  m_IsKinematic: 0
  m_Interpolate: 2
  m_Constraints: 0
  m_CollisionDetection: 2
--- !u!65 &6915451760617879895
BoxCollider:
  m_ObjectHideFlags: 0
  m_CorrespondingSourceObject: {fileID: 0}
  m_PrefabInstance: {fileID: 0}
  m_PrefabAsset: {fileID: 0}
  m_GameObject: {fileID: 682498471884367267}
  m_Material: {fileID: 0}
  m_IsTrigger: 0
  m_Enabled: 0
  serializedVersion: 2
  m_Size: {x: 0.13230681, y: 0.13230684, z: 0.021646073}
  m_Center: {x: 0, y: 0, z: 0.054288607}
--- !u!114 &-8187967300575780662
MonoBehaviour:
  m_ObjectHideFlags: 0
  m_CorrespondingSourceObject: {fileID: 0}
  m_PrefabInstance: {fileID: 0}
  m_PrefabAsset: {fileID: 0}
  m_GameObject: {fileID: 682498471884367267}
  m_Enabled: 1
  m_EditorHideFlags: 0
  m_Script: {fileID: 11500000, guid: 4a1b0b9652d19cc4a97b365e57968787, type: 3}
  m_Name: 
  m_EditorClassIdentifier: 
  overMind: {fileID: 0}
  icon: {fileID: 21300000, guid: 4c461cdeb30db70449b908ec35102ae9, type: 3}
  MaxReadyTime: 1
  itemName: Compass
  i_Weight: 0.03
  totalNum: 1
  maxNum: 1
  id: 0
  HandPosition: {x: 0, y: 0, z: 0}
  HandRotation: {x: 0, y: 0, z: 0}
  drawSpeed: 1
  prepareAnimations: []
  useAnimations: []
  maxHit: 0
  scraps: 5
  modCost: 0
  modedCount: 0
  MaxModCount: 0
  isModed: 0
  modedList: []
  mat: {fileID: 0}
  itemParticles: {fileID: 4512448903944852856, guid: be724d7e5a230f942bd71ecec7cbeab8,
    type: 3}
--- !u!114 &-8323282731352139981
MonoBehaviour:
  m_ObjectHideFlags: 0
  m_CorrespondingSourceObject: {fileID: 0}
  m_PrefabInstance: {fileID: 0}
  m_PrefabAsset: {fileID: 0}
  m_GameObject: {fileID: 682498471884367267}
  m_Enabled: 1
  m_EditorHideFlags: 0
  m_Script: {fileID: 11500000, guid: 67d590bc8190eb447a6d4c8df3ab8c26, type: 3}
  m_Name: 
  m_EditorClassIdentifier: 
  overMind: {fileID: 0}
  icon: {fileID: 21300000, guid: 4c461cdeb30db70449b908ec35102ae9, type: 3}
  MaxReadyTime: 1
  itemName: Compass
  i_Weight: 0.03
  totalNum: 1
  maxNum: 1
  id: 0
  HandPosition: {x: 0, y: 0, z: 0}
  HandRotation: {x: 0, y: 0, z: 0}
  drawSpeed: 1
  prepareAnimations: []
  useAnimations: []
  maxHit: 0
  scraps: 5
  modCost: 0
  modedCount: 0
  MaxModCount: 0
  isModed: 0
  modedList: []
  mat: {fileID: 0}
  itemParticles: {fileID: 4512448903944852856, guid: be724d7e5a230f942bd71ecec7cbeab8,
    type: 3}
  use: 0
--- !u!135 &3455841915598129936
SphereCollider:
  m_ObjectHideFlags: 0
  m_CorrespondingSourceObject: {fileID: 0}
  m_PrefabInstance: {fileID: 0}
  m_PrefabAsset: {fileID: 0}
  m_GameObject: {fileID: 682498471884367267}
  m_Material: {fileID: 0}
  m_IsTrigger: 1
  m_Enabled: 1
  serializedVersion: 2
  m_Radius: 0.2
  m_Center: {x: 0, y: 0, z: 0.054288607}
--- !u!1 &2581231822940268282
GameObject:
  m_ObjectHideFlags: 0
  m_CorrespondingSourceObject: {fileID: 0}
  m_PrefabInstance: {fileID: 0}
  m_PrefabAsset: {fileID: 0}
  serializedVersion: 6
  m_Component:
  - component: {fileID: 1551834709181273321}
  - component: {fileID: 7553169675695173343}
  - component: {fileID: 4318589918736273958}
  - component: {fileID: 2581231822940268283}
  m_Layer: 0
  m_Name: Direction
  m_TagString: Untagged
  m_Icon: {fileID: 0}
  m_NavMeshLayer: 0
  m_StaticEditorFlags: 0
  m_IsActive: 1
--- !u!4 &1551834709181273321
Transform:
  m_ObjectHideFlags: 0
  m_CorrespondingSourceObject: {fileID: 0}
  m_PrefabInstance: {fileID: 0}
  m_PrefabAsset: {fileID: 0}
  m_GameObject: {fileID: 2581231822940268282}
  m_LocalRotation: {x: -0, y: -0, z: -0, w: 1}
  m_LocalPosition: {x: 0, y: 0, z: 0}
  m_LocalScale: {x: 1, y: 1, z: 1}
  m_Children: []
  m_Father: {fileID: 4549727878656087984}
  m_RootOrder: 0
  m_LocalEulerAnglesHint: {x: 0, y: 0, z: 0}
--- !u!33 &7553169675695173343
MeshFilter:
  m_ObjectHideFlags: 0
  m_CorrespondingSourceObject: {fileID: 0}
  m_PrefabInstance: {fileID: 0}
  m_PrefabAsset: {fileID: 0}
  m_GameObject: {fileID: 2581231822940268282}
  m_Mesh: {fileID: 2087329716239667469, guid: 937e3323a0d6b554db77098e4de82586, type: 3}
--- !u!23 &4318589918736273958
MeshRenderer:
  m_ObjectHideFlags: 0
  m_CorrespondingSourceObject: {fileID: 0}
  m_PrefabInstance: {fileID: 0}
  m_PrefabAsset: {fileID: 0}
  m_GameObject: {fileID: 2581231822940268282}
  m_Enabled: 1
  m_CastShadows: 1
  m_ReceiveShadows: 1
  m_DynamicOccludee: 1
  m_MotionVectors: 1
  m_LightProbeUsage: 1
  m_ReflectionProbeUsage: 1
  m_RenderingLayerMask: 1
  m_RendererPriority: 0
  m_Materials:
  - {fileID: 2100000, guid: 0e5d36a13f239b94dbaf59e8dbddbf17, type: 2}
  m_StaticBatchInfo:
    firstSubMesh: 0
    subMeshCount: 0
  m_StaticBatchRoot: {fileID: 0}
  m_ProbeAnchor: {fileID: 0}
  m_LightProbeVolumeOverride: {fileID: 0}
  m_ScaleInLightmap: 1
  m_ReceiveGI: 1
  m_PreserveUVs: 0
  m_IgnoreNormalsForChartDetection: 0
  m_ImportantGI: 0
  m_StitchLightmapSeams: 1
  m_SelectedEditorRenderState: 3
  m_MinimumChartSize: 4
  m_AutoUVMaxDistance: 0.5
  m_AutoUVMaxAngle: 89
  m_LightmapParameters: {fileID: 0}
  m_SortingLayerID: 0
  m_SortingLayer: 0
  m_SortingOrder: 0
--- !u!114 &2581231822940268283
MonoBehaviour:
  m_ObjectHideFlags: 0
  m_CorrespondingSourceObject: {fileID: 0}
  m_PrefabInstance: {fileID: 0}
  m_PrefabAsset: {fileID: 0}
  m_GameObject: {fileID: 2581231822940268282}
  m_Enabled: 1
  m_EditorHideFlags: 0
  m_Script: {fileID: 11500000, guid: 9f8a03e1f618bbc43955e2d7c3e175be, type: 3}
  m_Name: 
  m_EditorClassIdentifier: 
  target: {fileID: 1551834709181273321}
  valueType: 0
  FixType: 0
  targetPivotType: 0
  applyPivotType: 0
  lerpType: 0
  isFixGlobalRotation: 0
  fixGlobalRotation: {x: 0, y: 0, z: 0, w: 0}
